@article{sim-2012,
  author  = {Sim, Kelvin and Gopalkrishnan, Vivekanand and Zimek, Arthur and Cong, Gao},
  journal = {Data Mining and Knowledge Discovery},
  month   = {2},
  number  = {2},
  pages   = {332--397},
  title   = {{A survey on enhanced subspace clustering}},
  volume  = {26},
  year    = {2012},
  doi     = {10.1007/s10618-012-0258-x},
  url     = {https://doi.org/10.1007/s10618-012-0258-x}
}
@article{jahirabadkar-2013,
  author  = {Jahirabadkar, Sunita and Kulkarni, Parag},
  journal = {International Journal of Computer Applications},
  month   = {2},
  number  = {20},
  pages   = {29--35},
  title   = {{Clustering for High Dimensional Data: Density based Subspace Clustering Algorithms}},
  volume  = {63},
  year    = {2013},
  doi     = {10.5120/10584-5732},
  url     = {https://doi.org/10.5120/10584-5732}
}
@article{kriegel-2009,
  author     = {Kriegel, Hans-Peter and Kr\"{o}ger, Peer and Zimek, Arthur},
  title      = {Clustering high-dimensional data: A survey on subspace clustering, pattern-based clustering, and correlation clustering},
  year       = {2009},
  issue_date = {March 2009},
  publisher  = {Association for Computing Machinery},
  address    = {New York, NY, USA},
  volume     = {3},
  number     = {1},
  issn       = {1556-4681},
  url        = {https://doi.org/10.1145/1497577.1497578},
  doi        = {10.1145/1497577.1497578},
  journal    = {ACM Trans. Knowl. Discov. Data},
  month      = mar,
  articleno  = {1},
  numpages   = {58},
  keywords   = {Survey, clustering, high-dimensional data}
}
@article{parsons-1-2004,
  author = {Parsons, Lance and Haque, Ehtesham and Liu, Huan},
  year   = {2004},
  month  = {04},
  title  = {Evaluating Subspace Clustering Algorithms}
}
@article{parsons-2-2004,
  author     = {Parsons, Lance and Haque, Ehtesham and Liu, Huan},
  title      = {Subspace clustering for high dimensional data: A review},
  year       = {2004},
  issue_date = {June 2004},
  publisher  = {Association for Computing Machinery},
  address    = {New York, NY, USA},
  volume     = {6},
  number     = {1},
  issn       = {1931-0145},
  url        = {https://doi.org/10.1145/1007730.1007731},
  doi        = {10.1145/1007730.1007731},
  journal    = {SIGKDD Explor. Newsl.},
  month      = jun,
  pages      = {90–105},
  numpages   = {16},
  keywords   = {clustering survey, high dimensional data, projected clustering, subspace clustering}
}
@article{steinbach-2003,
  author  = {Steinbach, Michael and Ertöz, Levent and Kumar, Vipin},
  year    = {2003},
  month   = {01},
  title   = {The Challenges of Clustering High Dimensional Data},
  volume  = {213},
  isbn    = {978-3-642-07739-5},
  journal = {Univ. Minnesota Supercomp. Inst. Res. Rep.},
  doi     = {10.1007/978-3-662-08968-2_16}
}
@article{10.1145/276305.276314,
  author     = {Agrawal, Rakesh and Gehrke, Johannes and Gunopulos, Dimitrios and Raghavan, Prabhakar},
  title      = {Automatic subspace clustering of high dimensional data for data mining applications},
  year       = {1998},
  issue_date = {June 1998},
  publisher  = {Association for Computing Machinery},
  address    = {New York, NY, USA},
  volume     = {27},
  number     = {2},
  issn       = {0163-5808},
  url        = {https://doi.org/10.1145/276305.276314},
  doi        = {10.1145/276305.276314},
  journal    = {SIGMOD Rec.},
  month      = jun,
  pages      = {94–105},
  numpages   = {12}
}
@article{clique,
  author    = {Agrawal, Rakesh and Gehrke, Johannes and Gunopulos, Dimitrios and Raghavan, Prabhakar},
  title     = {Automatic subspace clustering of high dimensional data for data mining applications},
  year      = {1998},
  isbn      = {0897919955},
  publisher = {Association for Computing Machinery},
  address   = {New York, NY, USA},
  url       = {https://doi.org/10.1145/276304.276314},
  doi       = {10.1145/276304.276314},
  booktitle = {Proceedings of the 1998 ACM SIGMOD International Conference on Management of Data},
  pages     = {94–105},
  numpages  = {12},
  location  = {Seattle, Washington, USA},
  series    = {SIGMOD '98}
}
@article{mafia,
  author = {Nagesh, Harsha and Goil, Sanjay and Choud, Alok and Choudhary, Prof},
  year   = {2002},
  month  = {01},
  title  = {Adaptive Grids for Clustering Massive Data Sets},
  doi    = {10.1137/1.9781611972719.7}
}
@article{subclu,
  author = {Kröger, Peer and Kriegel, Hans-Peter and Kailing, Karin},
  year   = {2004},
  month  = {04},
  title  = {Density-Connected Subspace Clustering for High-Dimensional Data},
  volume = {246-257},
  doi    = {10.1137/1.9781611972740.23}
}
@article{ac,
  author = {Li, Wenke and Zhou, Zhou},
  year   = {2022},
  month  = {02},
  title  = {AC: A data generator for evaluation of clustering},
  doi    = {10.36227/techrxiv.19091330}
}
@article{mdcgen,
  author  = {Iglesias Vázquez, Félix and Zseby, Tanja and Ferreira, Daniel and Zimek, Arthur},
  year    = {2019},
  month   = {04},
  title   = {MDCGen: Multidimensional Dataset Generator for Clustering},
  volume  = {36},
  journal = {Journal of Classification},
  doi     = {10.1007/s00357-019-9312-3}
}
@article{gpumafia,
  author = {Adinetz, Andrew and Kraus, Jiri and Meinke, Jan and Pleiter, Dirk},
  year   = {2013},
  month  = {08},
  pages  = {838-849},
  title  = {GPUMAFIA: Efficient Subspace Clustering with MAFIA on GPUs},
  isbn   = {9783642400469},
  doi    = {10.1007/978-3-642-40047-6_83}
}
@article{elki,
  author    = {Erich Schubert},
  editor    = {Tom{\'{a}}s Skopal and Fabrizio Falchi and Jakub Lokoc and Maria Luisa Sapino and Ilaria Bartolini and Marco Patella},
  title     = {Automatic Indexing for Similarity Search in {ELKI}},
  booktitle = {Similarity Search and Applications - 15th International Conference, {SISAP} 2022, Bologna, Italy, October 5-7, 2022, Proceedings},
  series    = {Lecture Notes in Computer Science},
  volume    = {13590},
  pages     = {205--213},
  publisher = {Springer},
  year      = {2022},
  url       = {https://doi.org/10.1007/978-3-031-17849-8\_16},
  doi       = {10.1007/978-3-031-17849-8\_16},
  timestamp = {Wed, 07 Dec 2022 23:12:21 +0100},
  biburl    = {https://dblp.org/rec/conf/sisap/Schubert22.bib},
  bibsource = {dblp computer science bibliography, https://dblp.org}
}
@book{aggarwal-2013,
  author    = {Charu C. Aggarwal and Chandan K. Reddy},
  title     = {Data Clustering: Algorithms and Applications},
  year      = {2013},
  publisher = {Chapman and Hall/CRC}
}
@book{han-2011,
  author    = {Han, Jiawei and Kamber, Micheline and Pei, Jian},
  month     = {6},
  publisher = {Elsevier},
  title     = {{Data Mining: Concepts and techniques}},
  year      = {2011}
}
@book{aggarwal-2015,
  author    = {Aggarwal, Charu C.},
  month     = {4},
  publisher = {Springer},
  title     = {{Data Mining: The Textbook}},
  year      = {2015}
}
@book{zaki-2020,
  author = {Zaki, Mohammed J. and Meira, Wagner},
  month  = {3},
  title  = {{Data Mining and Machine Learning: Fundamental Concepts and Algorithms}},
  year   = {2020},
  url    = {https://dx.doi.org/10.1017/9781108564175}
}
@book{clarke-2009,
  author    = {Clarke, Bertrand and Fokoue, Ernest and Zhang, Hao Helen},
  month     = {7},
  publisher = {Springer Science & Business Media},
  title     = {{Principles and Theory for Data Mining and Machine Learning}},
  year      = {2009}
}
@book{hastie-2009,
  author    = {Hastie, Trevor and Tibshirani, Robert and Friedman, Jerome},
  month     = {8},
  publisher = {Springer Science & Business Media},
  title     = {{The Elements of Statistical Learning: Data Mining, Inference, and Prediction}},
  year      = {2009}
}
@book{tan-2019,
  author    = {Tan, Pang-Ning and Steinbach, Michael and Karpatne, Anuj and Kumar, Vipin},
  month     = {1},
  publisher = {Addison-Wesley},
  title     = {{Introduction to Data Mining}},
  year      = {2019}
}
@book{witten-2011,
  author    = {Witten, Ian H. and Frank, Eibe and Hall, Mark A.},
  month     = {2},
  publisher = {Elsevier},
  title     = {{Data Mining: Practical Machine Learning Tools and Techniques}},
  year      = {2011}
}
@inproceedings{dbscan,
  author    = {Ester, Martin and Kriegel, Hans-Peter and Sander, J\"{o}rg and Xu, Xiaowei},
  title     = {A density-based algorithm for discovering clusters in large spatial databases with noise},
  year      = {1996},
  publisher = {AAAI Press},
  booktitle = {Proceedings of the Second International Conference on Knowledge Discovery and Data Mining},
  pages     = {226–231},
  numpages  = {6},
  keywords  = {arbitrary shape of clusters, clustering algorithms, efficiency on large spatial databases, handling nlj4-275oise},
  location  = {Portland, Oregon},
  series    = {KDD'96}
}
@article{date-fruit,
  author  = {Koklu, Murat and Kursun, Ramazan and Taspinar, Yavuz Selim and Cinar, Ilkay},
  title   = {Classification of Date Fruits into Genetic Varieties Using Image Analysis},
  journal = {Mathematical Problems in Engineering},
  volume  = {2021},
  number  = {1},
  pages   = {4793293},
  doi     = {https://doi.org/10.1155/2021/4793293},
  url     = {https://onlinelibrary.wiley.com/doi/abs/10.1155/2021/4793293},
  year    = {2021}
}
@misc{iris,
  author       = {Fisher, R. A.},
  title        = {Iris},
  year         = {1936},
  howpublished = {UCI Machine Learning Repository},
  doi          = {https://doi.org/10.24432/C56C76}
}